<record><leader>00000cas a22000007a 4500</leader><controlfield tag="001">27967443</controlfield><controlfield tag="008">930422d18921894mauwr ne      0    0ger d</controlfield><datafield ind1=" " ind2=" " tag="010"><subfield code="a">sn 93058796 </subfield></datafield><datafield ind1=" " ind2=" " tag="040"><subfield code="a">MGN</subfield><subfield code="b">eng</subfield><subfield code="c">MGN</subfield><subfield code="d">HLS</subfield><subfield code="d">OCLCQ</subfield><subfield code="d">OCLCF</subfield><subfield code="d">OCLCO</subfield></datafield><datafield ind1="1" ind2=" " tag="029"><subfield code="a">AU@</subfield><subfield code="b">000020733954</subfield></datafield><datafield ind1="0" ind2=" " tag="041"><subfield code="a">gereng</subfield></datafield><datafield ind1=" " ind2=" " tag="042"><subfield code="a">msc</subfield></datafield><datafield ind1=" " ind2=" " tag="043"><subfield code="a">n-usn--</subfield></datafield><datafield ind1="0" ind2=" " tag="130"><subfield code="a">Neu-England courier (Boston, Mass. : 1892)</subfield></datafield><datafield ind1="1" ind2="0" tag="245"><subfield code="a">Neu-England courier.</subfield></datafield><datafield ind1="3" ind2="1" tag="246"><subfield code="a">New England courier</subfield></datafield><datafield ind1="3" ind2="1" tag="246"><subfield code="a">New England courier. Jewish Department.</subfield><subfield code="f">Sept. 16, 1893-Jan. 13, 1894</subfield></datafield><datafield ind1=" " ind2=" " tag="260"><subfield code="a">Boston [Mass.] :</subfield><subfield code="b">New England Courier Pub. Co.</subfield></datafield><datafield ind1=" " ind2=" " tag="300"><subfield code="a">v.</subfield></datafield><datafield ind1=" " ind2=" " tag="310"><subfield code="a">Weekly</subfield></datafield><datafield ind1="1" ind2=" " tag="362"><subfield code="a">Began in 1892?</subfield></datafield><datafield ind1="1" ind2=" " tag="362"><subfield code="a">Ceased in 1894.</subfield></datafield><datafield ind1=" " ind2=" " tag="500"><subfield code="a">Editor: V.M. Berthold.</subfield></datafield><datafield ind1=" " ind2=" " tag="500"><subfield code="a">Issues for Sept. 16, 1893-Feb. 2, 1894 contain a section entitled New England courier, Jewish department.</subfield></datafield><datafield ind1=" " ind2=" " tag="500"><subfield code="a">At the head of the section entitled New England courier, Jewish department: The English portion of the Courier is devoted entirely to the advancement of the interests of the Israelites of New England and is a continuation of the Jewish Chronicle.</subfield></datafield><datafield ind1=" " ind2=" " tag="546"><subfield code="a">In German and English.</subfield></datafield><datafield ind1=" " ind2=" " tag="588"><subfield code="a">Description based on: Jahrg. 2, no. 27 (9. Sept. 1893).</subfield></datafield><datafield ind1=" " ind2="0" tag="650"><subfield code="a">Germans</subfield><subfield code="z">New England</subfield><subfield code="v">Newspapers.</subfield></datafield><datafield ind1=" " ind2="0" tag="650"><subfield code="a">Jewish newspapers</subfield><subfield code="z">New England.</subfield></datafield><datafield ind1=" " ind2="7" tag="655"><subfield code="a">Newspapers.</subfield><subfield code="2">fast</subfield><subfield code="0">(OCoLC)fst01423814</subfield></datafield><datafield ind1=" " ind2="7" tag="650"><subfield code="a">Germans.</subfield><subfield code="2">fast</subfield><subfield code="0">(OCoLC)fst00942100</subfield></datafield><datafield ind1=" " ind2="7" tag="650"><subfield code="a">Jewish newspapers.</subfield><subfield code="2">fast</subfield><subfield code="0">(OCoLC)fst00982872</subfield></datafield><datafield ind1=" " ind2="7" tag="651"><subfield code="a">New England.</subfield><subfield code="2">fast</subfield><subfield code="0">(OCoLC)fst01241913</subfield></datafield><datafield ind1=" " ind2=" " tag="752"><subfield code="a">United States</subfield><subfield code="b">Massachusetts</subfield><subfield code="c">Suffolk</subfield><subfield code="d">Boston.</subfield></datafield><datafield ind1="0" ind2="5" tag="780"><subfield code="t">Jewish chronicle (Boston, Mass.)</subfield><subfield code="w">(DLC)sn 95068504</subfield></datafield><datafield ind1="0" ind2="1" tag="785"><subfield code="t">New England courier</subfield><subfield code="w">(DLC)sn 93058804</subfield><subfield code="w">(OCoLC)28039832</subfield></datafield></record>